@techreport{NBERw33554,
  title       = {Portfolio Rebalancing, Conflicts of Interest of Delegated Investment Management and Seasonality in Canadian Financial Markets},
  author      = {Campbell R. Harvey and Michele G. Mazzoleni and Alessandro Melone},
  institution = {National Bureau of Economic Research},
  type        = {Working Paper},
  series      = {Working Paper Series},
  number      = {33554},
  year        = {2025},
  month       = {March},
  doi         = {10.3386/w33554},
  url         = {https://www.nber.org/system/files/working_papers/w33554/w33554.pdf}
}
@article{athanassakos2022,
  author    = {Athanassakos, George},
  title     = {Portfolio rebalancing, conflicts of interest of delegated investment management and seasonality in Canadian financial markets},
  journal   = {Journal of Investment Strategies},
  volume    = {10},
  number    = {4},
  pages     = {1--28},
  year      = {2022},
  doi       = {10.21314/JOIS.2022.002}
}
@article{hoffstein2019,
  author    = {Hoffstein, Corey and Sibears, David J. and Faber, Nathan},
  title     = {Rebalance Timing Luck: The Difference between Hired and Fired},
  journal   = {The Journal of Index Investing},
  volume    = {10},
  number    = {1},
  pages     = {27--36},
  year      = {2019},
  doi       = {10.3905/jii.2019.1.070}
}
@article{fama1970,
  author  = {Fama, Eugene F.},
  title   = {Efficient Capital Markets: A Review of Theory and Empirical Work},
  journal = {Journal of Finance},
  volume  = {25},
  number  = {2},
  pages   = {383--417},
  year    = {1970},
  doi     = {10.1111/j.1540-6261.1970.tb00518.x}
}
@article{cross1973,
  author  = {Cross, Frank},
  title   = {The behavior of stock prices on Fridays and Mondays},
  journal = {Financial Analysts Journal},
  volume  = {29},
  number  = {6},
  pages   = {67--69},
  year    = {1973},
  url     = {https://www.jstor.org/stable/4529641}
}
@article{gibbons1981,
  author  = {Gibbons, Michael R. and Hess, Patrick},
  title   = {Day of the Week Effects and Asset Returns},
  journal = {The Journal of Business},
  volume  = {54},
  number  = {4},
  pages   = {579--596},
  year    = {1981},
  doi     = {10.1086/296147}
}
@article{dubois1996,
  author  = {Dubois, Marc and Louvet, Philippe},
  title   = {The day-of-the-week effect: The international evidence},
  journal = {Journal of Banking \& Finance},
  volume  = {20},
  number  = {9},
  pages   = {1463--1484},
  year    = {1996},
  doi     = {10.1016/0378-4266(95)00054-2}
}
@article{dicle2014,
  author  = {Dicle, Mehmet F. and Levendis, John},
  title   = {The day-of-the-week effect revisited: International evidence},
  journal = {Journal of Economics and Finance},
  volume  = {38},
  number  = {3},
  pages   = {407--437},
  year    = {2014},
  doi     = {10.1007/s12197-011-9223-6}
}
@article{chiah2019,
  author  = {Chiah, Menzie and Zhong, Alex},
  title   = {Day-of-the-week effect in anomaly returns: International evidence},
  journal = {Economics Letters},
  volume  = {182},
  pages   = {90--92},
  year    = {2019},
  doi     = {10.1016/j.econlet.2019.05.042}
}
@article{gultekin1983,
  author  = {Gultekin, Mustafa N. and Gultekin, N. Bulent},
  title   = {Stock market seasonality: International evidence},
  journal = {Journal of Financial Economics},
  volume  = {12},
  number  = {4},
  pages   = {469--481},
  year    = {1983},
  doi     = {10.1016/0304-405X(83)90044-2}
}
@article{haugen1996,
  author  = {Haugen, Robert A. and Jorion, Philippe},
  title   = {The January effect: Still there after all these years},
  journal = {Financial Analysts Journal},
  volume  = {52},
  number  = {1},
  pages   = {27--31},
  year    = {1996},
  doi     = {10.2469/faj.v52.n1.1963}
}
@article{mehdian2002january,
  author    = {Mehdian, Seyed and Perry, Mark J.},
  title     = {Anomalies in US Equity Markets: A Re-examination of the January Effect},
  journal   = {Applied Financial Economics},
  volume    = {12},
  number    = {2},
  pages     = {141--145},
  year      = {2002},
  month     = {February},
  doi       = {10.1080/09603100110088067},
  url       = {https://doi.org/10.1080/09603100110088067}
}
@article{chen2021,
  author  = {Chen, Hai and Schmidt, Adam L.},
  title   = {Retail investor risk-seeking, attention, and the January effect},
  journal = {Global Finance Journal},
  volume  = {49},
  pages   = {100651},
  year    = {2021},
  doi     = {10.1016/j.jbef.2021.100511}
}
@article{ariel1987,
  author  = {Ariel, Robert A.},
  title   = {A monthly effect in stock returns},
  journal = {Journal of Financial Economics},
  volume  = {18},
  number  = {1},
  pages   = {161--174},
  year    = {1987},
  doi     = {10.1016/0304-405X(87)90066-3}
}
@article{lakonishok1988seasonal,
  author    = {Lakonishok, Josef and Smidt, Seymour},
  title     = {Are Seasonal Anomalies Real? A Ninety-Year Perspective},
  journal   = {The Review of Financial Studies},
  volume    = {1},
  number    = {4},
  pages     = {403--425},
  year      = {1988},
  month     = {October},
  doi       = {10.1093/rfs/1.4.403},
  url       = {https://doi.org/10.1093/rfs/1.4.403}
}
@article{barone1990,
  author  = {Barone, Enrico},
  title   = {The Italian stock market: Efficiency and calendar anomalies},
  journal = {Journal of Banking \& Finance},
  volume  = {14},
  number  = {2-3},
  pages   = {483--510},
  year    = {1990},
  doi     = {10.1016/0378-4266(90)90061-6}
}
@article{kunkel2003turn,
  author    = {Kunkel, Robert A. and Compton, William S. and Beyer, Scott},
  title     = {The Turn-of-the-Month Effect Still Lives: The International Evidence},
  journal   = {International Review of Financial Analysis},
  volume    = {12},
  number    = {2},
  pages     = {207--221},
  year      = {2003},
  doi       = {10.1016/S1057-5219(03)00007-3}
}
@article{mcconnell2008equity,
  author    = {McConnell, John J. and Xu, Wei},
  title     = {Equity Returns at the Turn of the Month},
  journal   = {Financial Analysts Journal},
  volume    = {64},
  number    = {2},
  pages     = {49--64},
  year      = {2008},
  publisher = {CFA Institute},
  doi       = {10.2469/faj.v64.n2.7}
}
@article{mills1995calendar,
  author    = {Mills, Terence C. and Coutts, J. Andrew},
  title     = {Calendar Effects in the London Stock Exchange FT--SE Indices},
  journal   = {Applied Financial Economics},
  volume    = {5},
  number    = {2},
  pages     = {79--93},
  year      = {1995},
  doi       = {10.1080/13518479500000010}
}
@article{tonchev2004calendar,
  author    = {Tonchev, D. and Kim, T. H.},
  title     = {Calendar Effects in Eastern European Financial Markets: Evidence from the Czech Republic, Slovakia and Slovenia},
  journal   = {Applied Financial Economics},
  volume    = {14},
  number    = {14},
  pages     = {1035--1043},
  year      = {2004},
  doi       = {10.1080/0960310042000263901}
}
@article{ariel1990,
  author  = {Ariel, Robert A.},
  title   = {High stock returns before holidays: Existence and evidence on possible causes},
  journal = {The Journal of Finance},
  volume  = {45},
  number  = {5},
  pages   = {1611--1626},
  year    = {1990},
  doi     = {10.1111/j.1540-6261.1990.tb03731.x}
}
@article{bouman2002,
  author  = {Bouman, Sven and Jacobsen, Ben},
  title   = {The Halloween Indicator, ``Sell in May and Go Away''},
  journal = {American Economic Review},
  volume  = {92},
  number  = {5},
  pages   = {1618--1635},
  year    = {2002},
  url     = {https://www.jstor.org/stable/3083268}
}
@article{doeswijk2008,
  author  = {Doeswijk, Ronald Q.},
  title   = {The Optimism Cycle: Sell in May},
  journal = {De Economist},
  volume  = {156},
  number  = {2},
  pages   = {175--200},
  year    = {2008},
  doi     = {10.1007/s10645-008-9088-z}
}
@article{dichtl2015,
  author  = {Dichtl, Hubert and Drobetz, Wolfgang},
  title   = {Are stock markets really so inefficient? The case of the ``Halloween Indicator''},
  journal = {Finance Research Letters},
  volume  = {14},
  pages   = {222--232},
  year    = {2015},
  doi     = {10.1016/j.frl.2013.10.001}
}
@article{carrazedo2016,
  author  = {Carrazedo, Tiago and Curto, José Dias and Oliveira, Luís},
  title   = {The Halloween effect in European sectors},
  journal = {Research in International Business and Finance},
  volume  = {37},
  pages   = {489--500},
  year    = {2016},
  doi     = {10.1016/j.ribaf.2016.01.003}
}
@article{fruk2004,
  author  = {Fruk, Mladen},
  title   = {Sezonalnost prinosa dionica na Zagrebačkoj burzi},
  journal = {Financijska teorija i praksa},
  volume  = {28},
  number  = {4},
  pages   = {435--444},
  year    = {2004},
  url     = {https://hrcak.srce.hr/file/8874}
}
@article{Skrinjaric2012,
  author    = {Tihana Škrinjarić},
  title     = {KALENDARSKI UČINCI U PRINOSIMA DIONICA},
  journal   = {Ekonomski pregled},
  volume    = {63},
  number    = {11},
  pages     = {651--678},
  year      = {2012},
  month     = {December},
  url       = {https://hrcak.srce.hr/93448},
  language  = {Croatian}
}
@article{Tadepalli2018,
  author    = {Meher Shiva Tadepalli and Ravi Kumar Jain},
  title     = {Persistence of calendar anomalies: insights and perspectives from literature},
  journal   = {American Journal of Business},
  volume    = {33},
  number    = {1/2},
  pages     = {18--60},
  year      = {2018},
  month     = {April},
  doi       = {10.1108/AJB-08-2017-0020},
  url       = {https://www.emerald.com/insight/content/doi/10.1108/AJB-08-2017-0020/full/html}
}
@article{alloughani2001,
  author  = {Al-Loughani, Naser E. and Chappell, David},
  title   = {Modelling the day-of-the-week effect in the Kuwait Stock Exchange: A nonlinear GARCH representation},
  journal = {Applied Financial Economics},
  volume  = {11},
  number  = {4},
  pages   = {353--359},
  year    = {2001},
  doi     = {10.1080/096031001300313910}
}
@article{basher2006,
  author  = {Basher, Syed A. and Sadorsky, Perry},
  title   = {Day-of-the-week effects in emerging stock markets},
  journal = {Applied Economics Letters},
  volume  = {13},
  number  = {10},
  pages   = {621--628},
  year    = {2006},
  doi     = {doi.org/10.1080/13504850600825238}
}
@techreport{patev2003day,
  author      = {Patev, Plamen and Lyroudi, Katerina and Kanaryan, Nedyalko K.},
  title       = {The Day of the Week Effect in the Central European Transition Stock Markets},
  institution = {Tsenov Academy of Economics},
  type        = {Finance and Credit Working Paper},
  year        = {2003},
  url         = {https://www.academia.edu/26180058/The_Day_of_the_Week_Effect_in_the_Central_European_Transition_Stock_Markets}
}
@article{hoffstein2019rebalance,
  title      = {Rebalance Timing Luck: The Difference between Hired and Fired},
  author     = {Corey Hoffstein and Daniel “Justin” Sibears and Nathan Faber},
  journal    = {The Journal of Index Investing},
  volume     = {10},
  number     = {1},
  pages      = {27--36},
  year       = {2019},
  publisher  = {Institutional Investor Journals},
  doi        = {10.3905/jii.2019.1.070}
}
@article{stoica2011calendar,
  author    = {Stoica, Ovidiu and Diaconașu, Delia-Elena},
  title     = {An Examination of the Calendar Anomalies on Emerging Central and Eastern European Stock Markets},
  journal   = {Annals of the University of Oradea, Economic Science Series},
  volume    = {20},
  number    = {2},
  pages     = {748--755},
  year      = {2011},
  publisher = {University of Oradea, Faculty of Economics},
  doi       = {http://www.wseas.us/e-library/conferences/2011/Iasi/AEBD/AEBD-19.pdf}
}
@article{ariss2011,
  author  = {Ariss, Rima T. and Rezvanian, Rasoul and Mehdian, Seyed},
  title   = {Calendar anomalies in the Gulf Cooperation Council stock markets},
  journal = {Emerging Markets Review},
  volume  = {12},
  number  = {3},
  pages   = {293--307},
  year    = {2011},
  doi     = {10.1016/j.ememar.2011.04.002}
}
@article{seif2017seasonal,
  title     = {Seasonal anomalies in advanced emerging stock markets},
  author    = {Seif, Mostafa and Docherty, Paul and Shamsuddin, Abul},
  journal   = {The Quarterly Review of Economics and Finance},
  volume    = {66},
  pages     = {169--181},
  year      = {2017},
  publisher = {Elsevier},
  doi       = {10.1016/j.qref.2017.02.009}
}
